@techreport{nilsson2003heuristics,
  title={Heuristics for the traveling salesman problem},
  author={Nilsson, Christian},
  year={2003},
  institution={Tech. Report, Link{\"o}ping University, Sweden}
}

@article{goodrich2015christofides,
  title={The Christofides Approximation Algorithm},
  author={Goodrich, Michael T and Tamassia, Roberto},
  journal={Algorithm Design and Applications, Wiley},
  pages={513--514},
  year={2015}
}
